<collection xmlns="http://www.loc.gov/MARC21/slim">
<record>
  <leader>01759nam0a2200337 i 450 </leader>
  <controlfield tag="001">IT\ICCU\CNCE\004614</controlfield>
  <controlfield tag="005">19990708000000.0</controlfield>
  <datafield tag="012" ind1=" " ind2=" ">
    <subfield code="a">late tede dera po&amp;t (C) 1524 (A)</subfield>
    <subfield code="2">fei</subfield>
  </datafield>
  <datafield tag="100" ind1=" " ind2=" ">
    <subfield code="a">19970101d1524        0itac0103    ba</subfield>
  </datafield>
  <datafield tag="101" ind1=" " ind2=" ">
    <subfield code="a">ITA</subfield>
  </datafield>
  <datafield tag="102" ind1=" " ind2=" ">
    <subfield code="a">IT</subfield>
  </datafield>
  <datafield tag="200" ind1="1" ind2=" ">
    <subfield code="a">Noua inuentione sopra duna \sic! fantesca, qual narrando le sua uirtu cercaua trouar padrone. Intitulata La fantesca</subfield>
  </datafield>
  <datafield tag="210" ind1=" " ind2=" ">
    <subfield code="e">Stampato in Siena</subfield>
    <subfield code="g">per Michelangel di Bart. F.</subfield>
    <subfield code="g">ad istantia di m. Giouanni di Alixandro libraro</subfield>
    <subfield code="h">adi IIII di giugno 1524</subfield>
  </datafield>
  <datafield tag="215" ind1=" " ind2=" ">
    <subfield code="a">\4! c.</subfield>
    <subfield code="d">8ʻ</subfield>
  </datafield>
  <datafield tag="620" ind1=" " ind2=" ">
    <subfield code="a">IT</subfield>
    <subfield code="d">Siena</subfield>
  </datafield>
  <datafield tag="700" ind1=" " ind2="0">
    <subfield code="a">Bastiano</subfield>
    <subfield code="c"> : di#Francesco</subfield>
    <subfield code="3">IT\ICCU\CNCA\001466</subfield>
  </datafield>
  <datafield tag="712" ind1="0" ind2="0">
    <subfield code="a">Libri, Michelangelo de&apos;</subfield>
    <subfield code="3">IT\ICCU\CNCT\002873</subfield>
    <subfield code="4">650</subfield>
  </datafield>
  <datafield tag="712" ind1="0" ind2="0">
    <subfield code="a">Landi, Giovanni</subfield>
    <subfield code="3">IT\ICCU\CNCT\000325</subfield>
    <subfield code="4">650</subfield>
  </datafield>
  <datafield tag="791" ind1="0" ind2="2">
    <subfield code="a">Michelangelo di Bartolomeo</subfield>
    <subfield code="3">IT\ICCU\CNCT\000324</subfield>
    <subfield code="z">Libri, Michelangelo de&apos;</subfield>
  </datafield>
  <datafield tag="791" ind1="0" ind2="2">
    <subfield code="a">M. di B. F.</subfield>
    <subfield code="3">IT\ICCU\CNCT\002369</subfield>
    <subfield code="z">Libri, Michelangelo de&apos;</subfield>
  </datafield>
  <datafield tag="791" ind1="0" ind2="2">
    <subfield code="a">M. di Bart. F.</subfield>
    <subfield code="3">IT\ICCU\CNCT\002370</subfield>
    <subfield code="z">Libri, Michelangelo de&apos;</subfield>
  </datafield>
  <datafield tag="791" ind1="0" ind2="0">
    <subfield code="a">Bartolomeo, Michele Angelo di</subfield>
    <subfield code="3">IT\ICCU\CNCT\002371</subfield>
    <subfield code="z">Libri, Michelangelo de&apos;</subfield>
  </datafield>
  <datafield tag="791" ind1="0" ind2="2">
    <subfield code="a">Michelangelo de&apos; Libri</subfield>
    <subfield code="3">IT\ICCU\CNCT\002372</subfield>
    <subfield code="z">Libri, Michelangelo de&apos;</subfield>
  </datafield>
  <datafield tag="791" ind1="0" ind2="2">
    <subfield code="a">Michelagnolo di Bart. di F.</subfield>
    <subfield code="3">IT\ICCU\CNCT\003276</subfield>
    <subfield code="z">Libri, Michelangelo de&apos;</subfield>
  </datafield>
  <datafield tag="791" ind1="0" ind2="2">
    <subfield code="a">Michael Angelus Bartholomei</subfield>
    <subfield code="3">IT\ICCU\CNCT\004961</subfield>
    <subfield code="z">Libri, Michelangelo de&apos;</subfield>
  </datafield>
  <datafield tag="791" ind1="0" ind2="2">
    <subfield code="a">Giovanni di Alexandro</subfield>
    <subfield code="3">IT\ICCU\CNCT\002718</subfield>
    <subfield code="z">Landi, Giovanni</subfield>
  </datafield>
  <datafield tag="791" ind1="0" ind2="2">
    <subfield code="a">G. di A. L.</subfield>
    <subfield code="3">IT\ICCU\CNCT\002892</subfield>
    <subfield code="z">Landi, Giovanni</subfield>
  </datafield>
  <datafield tag="791" ind1="0" ind2="2">
    <subfield code="a">Giovanni di A. L.</subfield>
    <subfield code="3">IT\ICCU\CNCT\002893</subfield>
    <subfield code="z">Landi, Giovanni</subfield>
  </datafield>
  <datafield tag="791" ind1="0" ind2="2">
    <subfield code="a">Ioannes Alexandri</subfield>
    <subfield code="3">IT\ICCU\CNCT\004896</subfield>
    <subfield code="z">Landi, Giovanni</subfield>
  </datafield>
  <datafield tag="801" ind1=" " ind2="3">
    <subfield code="a">IT</subfield>
    <subfield code="b">ICCU</subfield>
    <subfield code="c">20201113</subfield>
  </datafield>
  <datafield tag="899" ind1=" " ind2=" ">
    <subfield code="a">Biblioteca dell&apos;Accademia nazionale dei Lincei e Corsiniana. Roma</subfield>
    <subfield code="1">RM0418</subfield>
    <subfield code="2">RML 10</subfield>
  </datafield>
</record>
</collection>
